% Encoding: UTF-8

% example of an article reference
@article{Pulay1980_Mixing,
  title={Convergence acceleration of iterative sequences. The case of {SCF} iteration},
  author={Pulay, Peter},
  journal={Chemical Physics Letters},
  volume={73},
  number={2},
  pages={393--398},
  year={1980}
}

% example of a conference proceedings reference
@inproceedings{Lindner2015_MNQN,
address = {Venice},
author = {Lindner, Florian and Mehl, Miriam and Scheufele, Klaudius and Uekermann, Benjamin},
booktitle = {ECCOMAS Coupled Problems},
title = {A comparison of various quasi-{N}ewton schemes for partitioned fluid-structure interaction},
year = {2015}
}

@InProceedings{TurekHron2006a,
  author    = {Turek, S. and Hron, J.},
  title     = {Proposal for numerical benchmarking of fluid--structure interaction between an elastic object and laminar incompressible flow},
  booktitle = {Fluid-Structure Interaction - Modelling, Simulation, Optimization},
  year      = {2006},
  editor    = {Bungartz, H. and Sch\"{a}fer, M.},
  number    = {53},
  series    = {Lecture Notes in Computational Science and Engineering},
  pages     = {371--385},
  publisher = {Springer},
  note      = {ISBN 3-540-34595-7},
}

@InCollection{TurekHronRazzaqSchaefer2010,
  author    = {Turek, S. and Hron, J. and Razzaq, M. and Sch\"{a}fer, M.},
  title     = {Numerical Benchmarking of Fluid--Structure Interaction: A comparison of different discretization and solution approaches},
  booktitle = {Fluid-Structure Interaction II: Modelling, Simulation, Optimisation},
  publisher = {Springer},
  year      = {2010},
  editor    = {Bungartz, H. and Mehl, M. and Sch\"{a}fer, M.},
  note      = {doi 10.1007/978-3-642-14206-2},
}

@InProceedings{TurekSchaefer1996,
  author    = {Turek, S. and Sch\"{a}fer, M.},
  title     = {Benchmark computations of laminar flow around cylinder},
  booktitle = {Flow Simulation with High-Performance Computers II},
  year      = {1996},
  editor    = {Hirschel, E.},
  volume    = {52},
  series    = {Notes on Numerical Fluid Mechanics},
  pages     = {547--566},
  month     = jan,
  publisher = {Vieweg},
}

@Online{featflow,
  title        = {FEATFLOW},
  howpublished = {\url{http://www.featflow.de/en/benchmarks/cfdbenchmarking/fsi_benchmark.html}},
}

@MastersThesis{Risseeuw2019,
  author = {Derek Risseeuw},
  title  = {Fluid Structure Interaction Modelling of Flapping Wings},
  school = {Delft University of Technology},
  year   = {2019},
  type   = {mathesis},
  month  = jan,
  url    = {https://repository.tudelft.nl/islandora/object/uuid:70beddde-e870-4c62-9a2f-8758b4e49123?collection=education},
}

@Comment{jabref-meta: databaseType:bibtex;}
